@article{kasperski2013,
  title={Income diversification and risk for fishermen},
  author={Kasperski, Stephen and Holland, Daniel S},
  journal={Proceedings of the National Academy of Sciences},
  volume={110},
  number={6},
  pages={2076--2081},
  year={2013},
  publisher={National Acad Sciences}
}


@book{hobbs2015,
  title={Bayesian models},
  author={Hobbs, N. Thompson and Hooten, Mevin B.},
  year={2015},
  publisher={Princeton University Press}
}

@article{zhang2011,
  title={Heterogeneous response to marine reserve formation: a sorting model approach},
  author={Zhang, Junjie and Smith, Martin D},
  journal={Environmental and Resource Economics},
  volume={49},
  number={3},
  pages={311--325},
  year={2011},
  publisher={Springer}
}

@article{morris2019bayesian,
  title={Bayesian hierarchical spatial models: Implementing the Besag York Molli{\'e} model in stan},
  author={Morris, Mitzi and Wheeler-Martin, Katherine and Simpson, Dan and Mooney, Stephen J and Gelman, Andrew and DiMaggio, Charles},
  journal={Spatial and spatio-temporal epidemiology},
  volume={31},
  pages={100301},
  year={2019},
  publisher={Elsevier}
}

@article{richerson2017,
  title={Quantifying and predicting responses to a US West Coast salmon fishery closure},
  author={Richerson, Kate and Holland, Daniel S},
  journal={ICES Journal of Marine Science},
  volume={74},
  number={9},
  pages={2364--2378},
  year={2017},
  publisher={Oxford University Press}
}

@article{smith2021potential,
  title={The potential impact of a shifting Pacific sardine distribution on US West Coast landings},
  author={Smith, James A. and Muhling, Barbara and Sweeney, Jonathan and Tommasi, Desiree and Pozo Buil, Mercedes and Fiechter, Jerome and Jacox, Michael G.},
  journal={Fisheries Oceanography},
  year={2021},
  publisher={Wiley Online Library}
}

@article{stafford2018,
  title={Accounting for outside options in discrete choice models: An application to commercial fishing effort},
  author={Stafford, Tess M},
  journal={Journal of Environmental Economics and Management},
  volume={88},
  pages={159--179},
  year={2018},
  publisher={Elsevier}
}

@article{hicks2020,
  title={Choice sets for spatial discrete choice models in data rich environments},
  author={Hicks, Robert L. and Holland, Daniel S. and Kuriyama, Peter T. and Schnier, Kurt E.},
  journal={Resource and Energy Economics},
  volume={60},
  pages={101148},
  year={2020},
  publisher={Elsevier}
}

@article{revelt1998,
  title={Mixed logit with repeated choices: Households' choices of appliance efficiency level},
  author={Revelt, David and Train, Kenneth},
  journal={Review of economics and statistics},
  volume={80},
  number={4},
  pages={647--657},
  year={1998},
  publisher={MIT Press 238 Main St., Suite 500, Cambridge, MA 02142-1046, USA journals~â€¦}
}