@article{morris2019bayesian,
  title={Bayesian hierarchical spatial models: Implementing the Besag York Molli{\'e} model in stan},
  author={Morris, Mitzi and Wheeler-Martin, Katherine and Simpson, Dan and Mooney, Stephen J and Gelman, Andrew and DiMaggio, Charles},
  journal={Spatial and spatio-temporal epidemiology},
  volume={31},
  pages={100301},
  year={2019},
  publisher={Elsevier}
}

@article{smith2021potential,
  title={The potential impact of a shifting Pacific sardine distribution on US West Coast landings},
  author={Smith, James A and Muhling, Barbara and Sweeney, Jonathan and Tommasi, Desiree and Pozo Buil, Mercedes and Fiechter, Jerome and Jacox, Michael G},
  journal={Fisheries Oceanography},
  year={2021},
  publisher={Wiley Online Library}
}